<?xml version="1.0" encoding="UTF-8"?><collection xmlns="http://www.loc.gov/MARC21/slim"><record><leader>00559nam--2200181-i-4500</leader><controlfield tag="001">000026578</controlfield><controlfield tag="002">20161230</controlfield><controlfield tag="005">20161230201036</controlfield><controlfield tag="008">060222s1000------------r-----000-0-eng-d</controlfield><datafield ind1=" " ind2=" " tag="040"><subfield code="a">IFIN-HH</subfield></datafield><datafield ind1=" " ind2=" " tag="080"><subfield code="a">539.163.2:539.17.015</subfield></datafield><datafield ind1="1" ind2=" " tag="100"><subfield code="a">Kaye, G</subfield></datafield><datafield ind1="1" ind2="0" tag="245"><subfield code="a">Tables of coefficients for the analysis of triple angular correlations of gamma-rays from aligned nuclei</subfield><subfield code="c">G. kaye, e.j.c. read, j.c. wilmott</subfield></datafield><datafield ind1=" " ind2=" " tag="260"><subfield code="a">Oxford</subfield><subfield code="b">Pergamon Press</subfield><subfield code="c">1968</subfield></datafield><datafield ind1=" " ind2=" " tag="300"><subfield code="a">XIV + 218P</subfield></datafield><datafield ind1="1" ind2=" " tag="700"><subfield code="a">Wilmott, J.C</subfield></datafield><datafield ind1=" " ind2=" " tag="852"><subfield code="a">32436</subfield><subfield code="c">53.08</subfield></datafield><datafield ind1=" " ind2=" " tag="CAT"><subfield code="a">Sys</subfield><subfield code="c">20151028</subfield><subfield code="h">153430</subfield></datafield></record></collection>